<?xml version="1.0" encoding="UTF-8"?><collection xmlns="http://www.loc.gov/MARC21/slim"><record><leader>00436nam--2200133-i-4500</leader><controlfield tag="001">000018406</controlfield><controlfield tag="002">20161230</controlfield><controlfield tag="005">20161230201032</controlfield><controlfield tag="008">060222s1000------------r-----000-0-eng-d</controlfield><datafield ind1=" " ind2=" " tag="100"><subfield code="a">Epprecht, W</subfield></datafield><datafield ind1=" " ind2=" " tag="245"><subfield code="a">Werkstoffkunde der kerntechnik.eine einfuhrung in die eigenschaften und probleme der kernreaktorwerstoffe</subfield></datafield><datafield ind1=" " ind2=" " tag="260"><subfield code="a">Basel, Birkhauser Verlag, 1961. 407 P</subfield></datafield><datafield ind1=" " ind2=" " tag="490"><subfield code="a">Lehr-und Hanbucher Der Ingenieurwissenschaft</subfield></datafield><datafield ind1=" " ind2=" " tag="852"><subfield code="a">16277</subfield></datafield></record></collection>